
@article{Zhou2004Image,
	title={Image quality assessment: from error visibility to structural similarity},
	author={Zhou, Wang and Alan Conrad, Bovik and Hamid Rahim, Sheikh and Simoncelli, Eero P,},
	journal={IEEE Trans Image Process},
	volume={13},
	number={4},
	pages={600-612},
	year={2004},
}

@article{burt1983laplacian,
	title={The Laplacian pyramid as a compact image code},
	author={Burt, Peter and Adelson, Edward},
	journal={IEEE Transactions on communications},
	volume={31},
	number={4},
	pages={532--540},
	year={1983},
	publisher={IEEE}
}

@article{shi2018aster,
	title={Aster: An attentional scene text recognizer with flexible rectification},
	author={Shi, Baoguang and Yang, Mingkun and Wang, Xinggang and Lyu, Pengyuan and Yao, Cong and Bai, Xiang},
	journal={IEEE transactions on pattern analysis and machine intelligence},
	year={2018},
	publisher={IEEE}
}
@article{Goodfellow2014Generative,
	title={Generative Adversarial Networks},
	author={Goodfellow, Ian J. and Pouget-Abadie, Jean and Mirza, Mehdi and Xu, Bing and Warde-Farley, David and Ozair, Sherjil and Courville, Aaron and Bengio, Yoshua},
	journal={Advances in Neural Information Processing Systems},
	volume={3},
	pages={2672-2680},
	year={2014},
}
